@article{viceconte2020covid,
  title={COVID-19 R0: Magic number or conundrum?},
  author={Viceconte, Giulio and Petrosillo, Nicola},
  journal={Infectious Disease Reports},
  volume={12},
  number={1},
  year={2020}
}
@article{backer2020,
	title={Incubation period of 2019 novel coronavirus (2019-nCoV) infections among travellers from Wuhan, China, 20--28 January 2020},
	author={Backer, Jantien A and Klinkenberg, Don and Wallinga, Jacco},
	journal={Eurosurveillance},
	volume={25},
	number={5},
	year={2020},
	publisher={European Centre for Disease Prevention and Control}
}
@book{keeling2011modeling,
	title={Modeling infectious diseases in humans and animals},
	author={Keeling, Matt J and Rohani, Pejman},
	year={2011},
	publisher={Princeton University Press}
}
@article{tang2020estimation,
	title={Estimation of the transmission risk of the 2019-nCoV and its implication for public health interventions},
	author={Tang, Biao and Wang, Xia and Li, Qian and Bragazzi, Nicola Luigi and Tang, Sanyi and Xiao, Yanni and Wu, Jianhong},
	journal={Journal of Clinical Medicine},
	volume={9},
	number={2},
	pages={462},
	year={2020},
	publisher={Multidisciplinary Digital Publishing Institute}
}
@article{read2020novel,
	title={Novel coronavirus 2019-nCoV: early estimation of epidemiological parameters and epidemic predictions},
	author={Read, Jonathan M and Bridgen, Jessica RE and Cummings, Derek AT and Ho, Antonia and Jewell, Chris P},
	journal={medRxiv},
	year={2020},
	publisher={Cold Spring Harbor Laboratory Press}
}
@article{li2020,
	title={Early transmission dynamics in Wuhan, China, of novel coronavirus--infected pneumonia},
	author={Li, Qun and Guan, Xuhua and Wu, Peng and Wang, Xiaoye and Zhou, Lei and Tong, Yeqing and Ren, Ruiqi and Leung, Kathy SM and Lau, Eric HY and Wong, Jessica Y and others},
	journal={New England Journal of Medicine},
	year={2020},
	publisher={Mass Medical Soc}
}
@article{hellewell2020,
	title={Feasibility of controlling COVID-19 outbreaks by isolation of cases and contacts},
	author={Hellewell, Joel and Abbott, Sam and Gimma, Amy and Bosse, Nikos I and Jarvis, Christopher I and Russell, Timothy W and Munday, James D and Kucharski, Adam J and Edmunds, W John and Sun, Fiona and others},
	journal={The Lancet Global Health},
	year={2020},
	publisher={Elsevier}
}
@article{liu2020,
	title={The reproductive number of COVID-19 is higher compared to SARS coronavirus},
	author={Liu, Ying and Gayle, Albert A and Wilder-Smith, Annelies and Rockl{\"o}v, Joacim},
	journal={Journal of Travel Medicine},
	year={2020},
	publisher={Oxford University Press}
}
@misc{WHOpen,
	title={"WHO Director-General's opening remarks at the media briefing on COVID-19 - 3 March 2020"},
	author={T. Adhanom},
	year={2020}
}